{
  "generated_at": "2025-09-04T03:16:05.295677",
  "overview": {
    "total_events_analyzed": 129,
    "date_range": {
      "start": "2021-10-13T00:00:00",
      "end": "2023-01-26T00:00:00"
    },
    "event_types": [
      "NHL Regular Season",
      "NBA Regular Season"
    ],
    "avg_attendance": 13653,
    "avg_transactions": 10023,
    "avg_sales": 231646.06,
    "key_metrics": {
      "transactions_per_attendee": 0.721,
      "sales_per_attendee": 16.57,
      "sales_per_transaction": 23.01
    }
  },
  "event_performance": {
    "event_type_performance": {
      "NBA Regular Season": {
        "avg_attendance": 12027.13,
        "attendance_std": 3654.25,
        "event_count": 63,
        "avg_transactions": 7244.97,
        "avg_sales": 169271.0,
        "avg_units": 15175.38
      },
      "NHL Regular Season": {
        "avg_attendance": 15205.12,
        "attendance_std": 1733.92,
        "event_count": 66,
        "avg_transactions": 12673.95,
        "avg_sales": 291185.89,
        "avg_units": 24912.26
      }
    },
    "day_of_week_performance": {
      "Friday": {
        "avg_attendance": 14879.43,
        "avg_transactions": 10636.86,
        "avg_sales": 256258.95
      },
      "Monday": {
        "avg_attendance": 11867.5,
        "avg_transactions": 8560.55,
        "avg_sales": 191411.89
      },
      "Saturday": {
        "avg_attendance": 15215.6,
        "avg_transactions": 11322.36,
        "avg_sales": 264435.35
      },
      "Sunday": {
        "avg_attendance": 14088.78,
        "avg_transactions": 9828.5,
        "avg_sales": 223355.66
      },
      "Thursday": {
        "avg_attendance": 13692.0,
        "avg_transactions": 10671.44,
        "avg_sales": 252487.46
      },
      "Tuesday": {
        "avg_attendance": 12367.62,
        "avg_transactions": 9348.38,
        "avg_sales": 209140.14
      },
      "Wednesday": {
        "avg_attendance": 12816.55,
        "avg_transactions": 9637.0,
        "avg_sales": 221137.54
      }
    }
  },
  "stand_performance": {
    "DEST - BARS": {
      "total_transactions": 73746,
      "avg_transactions": 117.24,
      "total_sales": 1946185.66,
      "avg_sales": 3094.09,
      "total_units": 128864,
      "avg_units": 204.87,
      "avg_pos": 2.14,
      "trans_per_pos": 56.445,
      "units_per_trans": 1.723
    },
    "GC - BEVERAGE EXPRESS": {
      "total_transactions": 17877,
      "avg_transactions": 138.58,
      "total_sales": 404957.39,
      "avg_sales": 3139.2,
      "total_units": 29999,
      "avg_units": 232.55,
      "avg_pos": 1.58,
      "trans_per_pos": 107.939,
      "units_per_trans": 1.742
    },
    "GC - FAN FAVORITES": {
      "total_transactions": 66327,
      "avg_transactions": 271.83,
      "total_sales": 1451911.45,
      "avg_sales": 5950.46,
      "total_units": 163810,
      "avg_units": 671.35,
      "avg_pos": 3.36,
      "trans_per_pos": 89.09,
      "units_per_trans": 2.355
    },
    "GC - GRILL STAND": {
      "total_transactions": 212422,
      "avg_transactions": 275.87,
      "total_sales": 5410362.59,
      "avg_sales": 7026.44,
      "total_units": 556856,
      "avg_units": 723.19,
      "avg_pos": 4.76,
      "trans_per_pos": 59.034,
      "units_per_trans": 2.585
    },
    "GC - SNACKS/DESSERTS": {
      "total_transactions": 4412,
      "avg_transactions": 93.87,
      "total_sales": 53114.79,
      "avg_sales": 1130.1,
      "total_units": 7944,
      "avg_units": 169.02,
      "avg_pos": 1.91,
      "trans_per_pos": 51.277,
      "units_per_trans": 1.772
    },
    "GC - SPECIALTY": {
      "total_transactions": 262188,
      "avg_transactions": 180.2,
      "total_sales": 6410888.88,
      "avg_sales": 4406.11,
      "total_units": 581029,
      "avg_units": 399.33,
      "avg_pos": 3.42,
      "trans_per_pos": 56.545,
      "units_per_trans": 2.182
    },
    "HAWKER VENDING ROOM": {
      "total_transactions": 141151,
      "avg_transactions": 585.69,
      "total_sales": 3007106.83,
      "avg_sales": 12477.62,
      "total_units": 214999,
      "avg_units": 892.11,
      "avg_pos": 8.16,
      "trans_per_pos": 55.662,
      "units_per_trans": 1.561
    },
    "PORTABLE - BARS": {
      "total_transactions": 194110,
      "avg_transactions": 116.09,
      "total_sales": 5033853.44,
      "avg_sales": 3010.68,
      "total_units": 339978,
      "avg_units": 203.34,
      "avg_pos": 1.69,
      "trans_per_pos": 74.164,
      "units_per_trans": 1.723
    },
    "PORTABLE - BEER": {
      "total_transactions": 211750,
      "avg_transactions": 140.7,
      "total_sales": 4429193.52,
      "avg_sales": 2942.99,
      "total_units": 370815,
      "avg_units": 246.39,
      "avg_pos": 1.22,
      "trans_per_pos": 123.248,
      "units_per_trans": 1.732
    },
    "PORTABLE - SNACKS/DESSERTS": {
      "total_transactions": 79163,
      "avg_transactions": 108.74,
      "total_sales": 1138650.82,
      "avg_sales": 1564.08,
      "total_units": 145324,
      "avg_units": 199.62,
      "avg_pos": 1.0,
      "trans_per_pos": 108.503,
      "units_per_trans": 1.809
    },
    "PORTABLE - SPECIALTY": {
      "total_transactions": 29768,
      "avg_transactions": 89.13,
      "total_sales": 596116.37,
      "avg_sales": 1784.78,
      "total_units": 60640,
      "avg_units": 181.56,
      "avg_pos": 1.27,
      "trans_per_pos": 67.633,
      "units_per_trans": 2.029
    }
  },
  "march5_predictions": {
    "event_details": {
      "date": "March 5, 2023",
      "opponent": "Oklahoma City Thunder",
      "time": "2:00 PM Eastern",
      "expected_attendance": 10000
    },
    "predictions": {
      "transactions": 4837,
      "net_sales": 129493.81,
      "units": 11550,
      "pos_terminals": 109
    },
    "derived_metrics": {
      "trans_per_attendee": 0.484,
      "sales_per_attendee": 12.95,
      "sales_per_transaction": 26.77
    },
    "key_insights": [
      "Expected 4,837 transactions generating $129,493.81",
      "Recommend 74 POS terminals",
      "Focus on efficient service during peak pre-game and halftime periods",
      "Monitor beverage stands closely as they typically see highest volume"
    ]
  },
  "staffing_recommendations": {
    "staffing_by_stand": [
      {
        "stand_group": "DEST - BARS",
        "predicted_transactions": 276,
        "pos_terminals_needed": 5,
        "avg_trans_per_pos": 56.4
      },
      {
        "stand_group": "GC - BEVERAGE EXPRESS",
        "predicted_transactions": 67,
        "pos_terminals_needed": 1,
        "avg_trans_per_pos": 107.9
      },
      {
        "stand_group": "GC - FAN FAVORITES",
        "predicted_transactions": 248,
        "pos_terminals_needed": 3,
        "avg_trans_per_pos": 89.1
      },
      {
        "stand_group": "GC - GRILL STAND",
        "predicted_transactions": 795,
        "pos_terminals_needed": 13,
        "avg_trans_per_pos": 59.0
      },
      {
        "stand_group": "GC - SNACKS/DESSERTS",
        "predicted_transactions": 17,
        "pos_terminals_needed": 1,
        "avg_trans_per_pos": 51.3
      },
      {
        "stand_group": "GC - SPECIALTY",
        "predicted_transactions": 981,
        "pos_terminals_needed": 17,
        "avg_trans_per_pos": 56.5
      },
      {
        "stand_group": "HAWKER VENDING ROOM",
        "predicted_transactions": 528,
        "pos_terminals_needed": 9,
        "avg_trans_per_pos": 55.7
      },
      {
        "stand_group": "PORTABLE - BARS",
        "predicted_transactions": 726,
        "pos_terminals_needed": 10,
        "avg_trans_per_pos": 74.2
      },
      {
        "stand_group": "PORTABLE - BEER",
        "predicted_transactions": 792,
        "pos_terminals_needed": 6,
        "avg_trans_per_pos": 123.2
      },
      {
        "stand_group": "PORTABLE - SNACKS/DESSERTS",
        "predicted_transactions": 296,
        "pos_terminals_needed": 3,
        "avg_trans_per_pos": 108.5
      },
      {
        "stand_group": "PORTABLE - SPECIALTY",
        "predicted_transactions": 111,
        "pos_terminals_needed": 2,
        "avg_trans_per_pos": 67.6
      }
    ],
    "total_pos_needed": 70,
    "total_cashiers_needed": 70,
    "recommendations": [
      "Focus staffing during peak pre-game and halftime periods",
      "Monitor beverage and grill stands for highest transaction volumes",
      "Have backup staff ready for unexpected demand spikes",
      "Consider promoting higher-margin items to boost revenue per transaction"
    ]
  },
  "risk_assessment": {
    "attendance_risk": {
      "predicted_attendance": 10000,
      "avg_nba_attendance": 12027,
      "attendance_gap": 2027,
      "risk_level": "Medium"
    },
    "revenue_risk": {
      "predicted_trans_per_attendee": 0.484,
      "avg_nba_trans_per_attendee": 0.603,
      "performance_gap": 0.119
    },
    "operational_risks": [
      "Lower attendance may reduce economies of scale",
      "Sunday afternoon timing may affect concession preferences",
      "Potential for longer lines if understaffed",
      "Weather could impact attendance and concession sales"
    ],
    "opportunities": [
      "Family-friendly promotions for Sunday afternoon game",
      "Focus on higher-margin items to boost per-transaction revenue",
      "Implement mobile ordering to reduce wait times",
      "Cross-sell complementary items at high-traffic stands"
    ],
    "mitigation_strategies": [
      "Have flexible staffing model to adjust POS terminals as needed",
      "Monitor real-time queue lengths and adjust staffing",
      "Prepare promotional materials for slower-moving inventory",
      "Ensure backup payment systems are available"
    ]
  },
  "historical_data": [
    {
      "date": "2021-10-13T00:00:00",
      "event_type": "NHL Regular Season",
      "opponent": "New York Rangers",
      "attendance": 16297,
      "transactions": 15055,
      "net_sales": 359654.5,
      "units": 30105,
      "day_of_week": "Wednesday",
      "trans_per_attendee": 0.924,
      "sales_per_attendee": 22.07
    },
    {
      "date": "2021-10-16T00:00:00",
      "event_type": "NHL Regular Season",
      "opponent": "Tampa Bay Lightning",
      "attendance": 15048,
      "transactions": 13455,
      "net_sales": 316683.73,
      "units": 27121,
      "day_of_week": "Saturday",
      "trans_per_attendee": 0.894,
      "sales_per_attendee": 21.04
    },
    {
      "date": "2021-10-19T00:00:00",
      "event_type": "NHL Regular Season",
      "opponent": "Colorado Avalanche",
      "attendance": 13174,
      "transactions": 11797,
      "net_sales": 269459.76,
      "units": 22865,
      "day_of_week": "Tuesday",
      "trans_per_attendee": 0.895,
      "sales_per_attendee": 20.45
    },
    {
      "date": "2021-10-22T00:00:00",
      "event_type": "NBA Regular Season",
      "opponent": "Indiana Pacers",
      "attendance": 11691,
      "transactions": 7919,
      "net_sales": 185008.28,
      "units": 16065,
      "day_of_week": "Friday",
      "trans_per_attendee": 0.677,
      "sales_per_attendee": 15.82
    },
    {
      "date": "2021-10-23T00:00:00",
      "event_type": "NHL Regular Season",
      "opponent": "Calgary Flames",
      "attendance": 13097,
      "transactions": 10535,
      "net_sales": 237952.48,
      "units": 21039,
      "day_of_week": "Saturday",
      "trans_per_attendee": 0.804,
      "sales_per_attendee": 18.17
    },
    {
      "date": "2021-10-27T00:00:00",
      "event_type": "NHL Regular Season",
      "opponent": "Detroit Red Wings",
      "attendance": 15239,
      "transactions": 12951,
      "net_sales": 296833.66,
      "units": 25322,
      "day_of_week": "Wednesday",
      "trans_per_attendee": 0.85,
      "sales_per_attendee": 19.48
    },
    {
      "date": "2021-10-28T00:00:00",
      "event_type": "NBA Regular Season",
      "opponent": "Atlanta Hawks",
      "attendance": 9005,
      "transactions": 5936,
      "net_sales": 133835.42,
      "units": 11755,
      "day_of_week": "Thursday",
      "trans_per_attendee": 0.659,
      "sales_per_attendee": 14.86
    },
    {
      "date": "2021-10-29T00:00:00",
      "event_type": "NHL Regular Season",
      "opponent": "Arizona Coyotes",
      "attendance": 13691,
      "transactions": 11744,
      "net_sales": 271880.33,
      "units": 23138,
      "day_of_week": "Friday",
      "trans_per_attendee": 0.858,
      "sales_per_attendee": 19.86
    },
    {
      "date": "2021-10-30T00:00:00",
      "event_type": "NBA Regular Season",
      "opponent": "Boston Celtics",
      "attendance": 12792,
      "transactions": 7800,
      "net_sales": 179937.05,
      "units": 16126,
      "day_of_week": "Saturday",
      "trans_per_attendee": 0.61,
      "sales_per_attendee": 14.07
    },
    {
      "date": "2021-11-03T00:00:00",
      "event_type": "NBA Regular Season",
      "opponent": "Toronto Raptors",
      "attendance": 7681,
      "transactions": 4694,
      "net_sales": 105357.15,
      "units": 9246,
      "day_of_week": "Wednesday",
      "trans_per_attendee": 0.611,
      "sales_per_attendee": 13.72
    },
    {
      "date": "2021-11-05T00:00:00",
      "event_type": "NBA Regular Season",
      "opponent": "Memphis Grizzlies",
      "attendance": 13695,
      "transactions": 7823,
      "net_sales": 192298.38,
      "units": 16391,
      "day_of_week": "Friday",
      "trans_per_attendee": 0.571,
      "sales_per_attendee": 14.04
    },
    {
      "date": "2021-11-06T00:00:00",
      "event_type": "NHL Regular Season",
      "opponent": "Philadelphia Flyers",
      "attendance": 16429,
      "transactions": 13735,
      "net_sales": 329568.6,
      "units": 27902,
      "day_of_week": "Saturday",
      "trans_per_attendee": 0.836,
      "sales_per_attendee": 20.06
    },
    {
      "date": "2021-11-07T00:00:00",
      "event_type": "NBA Regular Season",
      "opponent": "Milwaukee Bucks",
      "attendance": 13036,
      "transactions": 7704,
      "net_sales": 176294.14,
      "units": 16423,
      "day_of_week": "Sunday",
      "trans_per_attendee": 0.591,
      "sales_per_attendee": 13.52
    },
    {
      "date": "2021-11-08T00:00:00",
      "event_type": "NHL Regular Season",
      "opponent": "Buffalo Sabres",
      "attendance": 14352,
      "transactions": 12118,
      "net_sales": 270591.71,
      "units": 23005,
      "day_of_week": "Monday",
      "trans_per_attendee": 0.844,
      "sales_per_attendee": 18.85
    },
    {
      "date": "2021-11-14T00:00:00",
      "event_type": "NHL Regular Season",
      "opponent": "Pittsburgh Penguins",
      "attendance": 16375,
      "transactions": 12936,
      "net_sales": 293922.92,
      "units": 25546,
      "day_of_week": "Sunday",
      "trans_per_attendee": 0.79,
      "sales_per_attendee": 17.95
    },
    {
      "date": "2021-11-15T00:00:00",
      "event_type": "NBA Regular Season",
      "opponent": "New Orleans Pelicans",
      "attendance": 8960,
      "transactions": 5783,
      "net_sales": 129500.4,
      "units": 11509,
      "day_of_week": "Monday",
      "trans_per_attendee": 0.645,
      "sales_per_attendee": 14.45
    },
    {
      "date": "2021-11-20T00:00:00",
      "event_type": "NBA Regular Season",
      "opponent": "Miami Heat",
      "attendance": 17618,
      "transactions": 10525,
      "net_sales": 256419.81,
      "units": 22710,
      "day_of_week": "Saturday",
      "trans_per_attendee": 0.597,
      "sales_per_attendee": 14.55
    },
    {
      "date": "2021-11-22T00:00:00",
      "event_type": "NBA Regular Season",
      "opponent": "Charlotte Bobcats",
      "attendance": 14093,
      "transactions": 8454,
      "net_sales": 200687.47,
      "units": 17575,
      "day_of_week": "Monday",
      "trans_per_attendee": 0.6,
      "sales_per_attendee": 14.24
    },
    {
      "date": "2021-11-24T00:00:00",
      "event_type": "NHL Regular Season",
      "opponent": "Montreal Canadiens",
      "attendance": 16936,
      "transactions": 13287,
      "net_sales": 311919.28,
      "units": 27052,
      "day_of_week": "Wednesday",
      "trans_per_attendee": 0.785,
      "sales_per_attendee": 18.42
    },
    {
      "date": "2021-11-26T00:00:00",
      "event_type": "NHL Regular Season",
      "opponent": "Florida Panthers",
      "attendance": 17231,
      "transactions": 13361,
      "net_sales": 334610.98,
      "units": 28457,
      "day_of_week": "Friday",
      "trans_per_attendee": 0.775,
      "sales_per_attendee": 19.42
    },
    {
      "date": "2021-12-01T00:00:00",
      "event_type": "NBA Regular Season",
      "opponent": "Minnesota Timberwolves",
      "attendance": 9862,
      "transactions": 6029,
      "net_sales": 138415.04,
      "units": 11971,
      "day_of_week": "Wednesday",
      "trans_per_attendee": 0.611,
      "sales_per_attendee": 14.04
    },
    {
      "date": "2021-12-02T00:00:00",
      "event_type": "NHL Regular Season",
      "opponent": "Chicago Blackhawks",
      "attendance": 14802,
      "transactions": 12855,
      "net_sales": 302902.07,
      "units": 25098,
      "day_of_week": "Thursday",
      "trans_per_attendee": 0.868,
      "sales_per_attendee": 20.46
    },
    {
      "date": "2021-12-03T00:00:00",
      "event_type": "NBA Regular Season",
      "opponent": "Cleveland Cavaliers",
      "attendance": 15119,
      "transactions": 10173,
      "net_sales": 252078.07,
      "units": 21067,
      "day_of_week": "Friday",
      "trans_per_attendee": 0.673,
      "sales_per_attendee": 16.67
    },
    {
      "date": "2021-12-04T00:00:00",
      "event_type": "NHL Regular Season",
      "opponent": "Columbus Blue Jackets",
      "attendance": 15533,
      "transactions": 12953,
      "net_sales": 300597.33,
      "units": 25438,
      "day_of_week": "Saturday",
      "trans_per_attendee": 0.834,
      "sales_per_attendee": 19.35
    },
    {
      "date": "2021-12-06T00:00:00",
      "event_type": "NHL Regular Season",
      "opponent": "Anaheim Ducks",
      "attendance": 13636,
      "transactions": 11170,
      "net_sales": 246126.33,
      "units": 21059,
      "day_of_week": "Monday",
      "trans_per_attendee": 0.819,
      "sales_per_attendee": 18.05
    },
    {
      "date": "2021-12-10T00:00:00",
      "event_type": "NHL Regular Season",
      "opponent": "Pittsburgh Penguins",
      "attendance": 17536,
      "transactions": 14702,
      "net_sales": 368316.39,
      "units": 30305,
      "day_of_week": "Friday",
      "trans_per_attendee": 0.838,
      "sales_per_attendee": 21.0
    },
    {
      "date": "2021-12-11T00:00:00",
      "event_type": "NBA Regular Season",
      "opponent": "Utah Jazz",
      "attendance": 15055,
      "transactions": 8488,
      "net_sales": 198100.13,
      "units": 17812,
      "day_of_week": "Saturday",
      "trans_per_attendee": 0.564,
      "sales_per_attendee": 13.16
    },
    {
      "date": "2021-12-19T00:00:00",
      "event_type": "NHL Regular Season",
      "opponent": "Los Angeles Kings",
      "attendance": 16090,
      "transactions": 12521,
      "net_sales": 282297.13,
      "units": 24762,
      "day_of_week": "Sunday",
      "trans_per_attendee": 0.778,
      "sales_per_attendee": 17.54
    },
    {
      "date": "2021-12-26T00:00:00",
      "event_type": "NBA Regular Season",
      "opponent": "Philadelphia 76ers",
      "attendance": 12864,
      "transactions": 7458,
      "net_sales": 179673.99,
      "units": 16623,
      "day_of_week": "Sunday",
      "trans_per_attendee": 0.58,
      "sales_per_attendee": 13.97
    },
    {
      "date": "2021-12-29T00:00:00",
      "event_type": "NHL Regular Season",
      "opponent": "Nashville Predators",
      "attendance": 14660,
      "transactions": 11877,
      "net_sales": 279747.04,
      "units": 23671,
      "day_of_week": "Wednesday",
      "trans_per_attendee": 0.81,
      "sales_per_attendee": 19.08
    },
    {
      "date": "2021-12-30T00:00:00",
      "event_type": "NBA Regular Season",
      "opponent": "Cleveland Cavaliers",
      "attendance": 9694,
      "transactions": 5656,
      "net_sales": 130017.21,
      "units": 11793,
      "day_of_week": "Thursday",
      "trans_per_attendee": 0.583,
      "sales_per_attendee": 13.41
    },
    {
      "date": "2022-01-01T00:00:00",
      "event_type": "NBA Regular Season",
      "opponent": "Chicago Bulls",
      "attendance": 15347,
      "transactions": 8578,
      "net_sales": 199816.88,
      "units": 18270,
      "day_of_week": "Saturday",
      "trans_per_attendee": 0.559,
      "sales_per_attendee": 13.02
    },
    {
      "date": "2022-01-02T00:00:00",
      "event_type": "NHL Regular Season",
      "opponent": "New Jersey Devils",
      "attendance": 14095,
      "transactions": 10016,
      "net_sales": 224746.38,
      "units": 20174,
      "day_of_week": "Sunday",
      "trans_per_attendee": 0.711,
      "sales_per_attendee": 15.95
    },
    {
      "date": "2022-01-03T00:00:00",
      "event_type": "NBA Regular Season",
      "opponent": "Charlotte Bobcats",
      "attendance": 5851,
      "transactions": 2998,
      "net_sales": 73785.62,
      "units": 6952,
      "day_of_week": "Monday",
      "trans_per_attendee": 0.512,
      "sales_per_attendee": 12.61
    },
    {
      "date": "2022-01-05T00:00:00",
      "event_type": "NBA Regular Season",
      "opponent": "Houston Rockets",
      "attendance": 6740,
      "transactions": 4189,
      "net_sales": 88072.89,
      "units": 7895,
      "day_of_week": "Wednesday",
      "trans_per_attendee": 0.622,
      "sales_per_attendee": 13.07
    },
    {
      "date": "2022-01-10T00:00:00",
      "event_type": "NHL Regular Season",
      "opponent": "Boston Bruins",
      "attendance": 14134,
      "transactions": 11916,
      "net_sales": 267484.06,
      "units": 22655,
      "day_of_week": "Monday",
      "trans_per_attendee": 0.843,
      "sales_per_attendee": 18.92
    },
    {
      "date": "2022-01-11T00:00:00",
      "event_type": "NBA Regular Season",
      "opponent": "Oklahoma City Thunder",
      "attendance": 6990,
      "transactions": 4049,
      "net_sales": 86978.33,
      "units": 7970,
      "day_of_week": "Tuesday",
      "trans_per_attendee": 0.579,
      "sales_per_attendee": 12.44
    },
    {
      "date": "2022-01-12T00:00:00",
      "event_type": "NBA Regular Season",
      "opponent": "Orlando Magic",
      "attendance": 5753,
      "transactions": 3222,
      "net_sales": 70038.12,
      "units": 6231,
      "day_of_week": "Wednesday",
      "trans_per_attendee": 0.56,
      "sales_per_attendee": 12.17
    },
    {
      "date": "2022-01-15T00:00:00",
      "event_type": "NBA Regular Season",
      "opponent": "Portland Trail Blazers",
      "attendance": 9836,
      "transactions": 6034,
      "net_sales": 134217.42,
      "units": 12001,
      "day_of_week": "Saturday",
      "trans_per_attendee": 0.613,
      "sales_per_attendee": 13.65
    },
    {
      "date": "2022-01-16T00:00:00",
      "event_type": "NHL Regular Season",
      "opponent": "Vancouver Canucks",
      "attendance": 12515,
      "transactions": 10055,
      "net_sales": 223382.23,
      "units": 19988,
      "day_of_week": "Sunday",
      "trans_per_attendee": 0.803,
      "sales_per_attendee": 17.85
    },
    {
      "date": "2022-01-17T00:00:00",
      "event_type": "NBA Regular Season",
      "opponent": "Philadelphia 76ers",
      "attendance": 9844,
      "transactions": 5741,
      "net_sales": 122021.86,
      "units": 11655,
      "day_of_week": "Monday",
      "trans_per_attendee": 0.583,
      "sales_per_attendee": 12.4
    },
    {
      "date": "2022-01-18T00:00:00",
      "event_type": "NHL Regular Season",
      "opponent": "Winnipeg Jets",
      "attendance": 11037,
      "transactions": 9006,
      "net_sales": 191428.69,
      "units": 16661,
      "day_of_week": "Tuesday",
      "trans_per_attendee": 0.816,
      "sales_per_attendee": 17.34
    },
    {
      "date": "2022-01-19T00:00:00",
      "event_type": "NBA Regular Season",
      "opponent": "Brooklyn Nets",
      "attendance": 9606,
      "transactions": 5776,
      "net_sales": 130657.12,
      "units": 11424,
      "day_of_week": "Wednesday",
      "trans_per_attendee": 0.601,
      "sales_per_attendee": 13.6
    },
    {
      "date": "2022-01-21T00:00:00",
      "event_type": "NBA Regular Season",
      "opponent": "Toronto Raptors",
      "attendance": 9006,
      "transactions": 5328,
      "net_sales": 115608.36,
      "units": 10363,
      "day_of_week": "Friday",
      "trans_per_attendee": 0.592,
      "sales_per_attendee": 12.84
    },
    {
      "date": "2022-01-22T00:00:00",
      "event_type": "NHL Regular Season",
      "opponent": "Ottawa Senators",
      "attendance": 15398,
      "transactions": 13197,
      "net_sales": 307159.21,
      "units": 26038,
      "day_of_week": "Saturday",
      "trans_per_attendee": 0.857,
      "sales_per_attendee": 19.95
    },
    {
      "date": "2022-01-23T00:00:00",
      "event_type": "NBA Regular Season",
      "opponent": "Boston Celtics",
      "attendance": 11041,
      "transactions": 6471,
      "net_sales": 145603.94,
      "units": 13659,
      "day_of_week": "Sunday",
      "trans_per_attendee": 0.586,
      "sales_per_attendee": 13.19
    },
    {
      "date": "2022-01-24T00:00:00",
      "event_type": "NHL Regular Season",
      "opponent": "Las Vegas Golden Knights",
      "attendance": 12381,
      "transactions": 10381,
      "net_sales": 224377.59,
      "units": 19489,
      "day_of_week": "Monday",
      "trans_per_attendee": 0.838,
      "sales_per_attendee": 18.12
    },
    {
      "date": "2022-01-25T00:00:00",
      "event_type": "NBA Regular Season",
      "opponent": "Los Angeles Clippers",
      "attendance": 6249,
      "transactions": 3736,
      "net_sales": 80448.54,
      "units": 7135,
      "day_of_week": "Tuesday",
      "trans_per_attendee": 0.598,
      "sales_per_attendee": 12.87
    },
    {
      "date": "2022-01-26T00:00:00",
      "event_type": "NHL Regular Season",
      "opponent": "San Jose Sharks",
      "attendance": 12433,
      "transactions": 10369,
      "net_sales": 227818.57,
      "units": 19532,
      "day_of_week": "Wednesday",
      "trans_per_attendee": 0.834,
      "sales_per_attendee": 18.32
    },
    {
      "date": "2022-02-02T00:00:00",
      "event_type": "NHL Regular Season",
      "opponent": "Edmonton Oilers",
      "attendance": 14356,
      "transactions": 12212,
      "net_sales": 270995.51,
      "units": 23121,
      "day_of_week": "Wednesday",
      "trans_per_attendee": 0.851,
      "sales_per_attendee": 18.88
    },
    {
      "date": "2022-02-05T00:00:00",
      "event_type": "NBA Regular Season",
      "opponent": "Phoenix Suns",
      "attendance": 15637,
      "transactions": 8986,
      "net_sales": 208673.8,
      "units": 18606,
      "day_of_week": "Saturday",
      "trans_per_attendee": 0.575,
      "sales_per_attendee": 13.34
    },
    {
      "date": "2022-02-07T00:00:00",
      "event_type": "NBA Regular Season",
      "opponent": "Miami Heat",
      "attendance": 9561,
      "transactions": 6087,
      "net_sales": 135808.9,
      "units": 12162,
      "day_of_week": "Monday",
      "trans_per_attendee": 0.637,
      "sales_per_attendee": 14.2
    },
    {
      "date": "2022-02-08T00:00:00",
      "event_type": "NHL Regular Season",
      "opponent": "Columbus Blue Jackets",
      "attendance": 11151,
      "transactions": 9409,
      "net_sales": 201058.93,
      "units": 17307,
      "day_of_week": "Tuesday",
      "trans_per_attendee": 0.844,
      "sales_per_attendee": 18.03
    },
    {
      "date": "2022-02-10T00:00:00",
      "event_type": "NBA Regular Season",
      "opponent": "Brooklyn Nets",
      "attendance": 9958,
      "transactions": 6149,
      "net_sales": 144057.11,
      "units": 12514,
      "day_of_week": "Thursday",
      "trans_per_attendee": 0.617,
      "sales_per_attendee": 14.47
    },
    {
      "date": "2022-02-12T00:00:00",
      "event_type": "NBA Regular Season",
      "opponent": "Sacramento Kings",
      "attendance": 10228,
      "transactions": 5610,
      "net_sales": 133477.62,
      "units": 11882,
      "day_of_week": "Saturday",
      "trans_per_attendee": 0.548,
      "sales_per_attendee": 13.05
    },
    {
      "date": "2022-02-13T00:00:00",
      "event_type": "NHL Regular Season",
      "opponent": "Ottawa Senators",
      "attendance": 12555,
      "transactions": 9071,
      "net_sales": 212836.48,
      "units": 19450,
      "day_of_week": "Sunday",
      "trans_per_attendee": 0.723,
      "sales_per_attendee": 16.95
    },
    {
      "date": "2022-02-14T00:00:00",
      "event_type": "NBA Regular Season",
      "opponent": "Detroit Pistons",
      "attendance": 5840,
      "transactions": 3049,
      "net_sales": 67562.29,
      "units": 6029,
      "day_of_week": "Monday",
      "trans_per_attendee": 0.522,
      "sales_per_attendee": 11.57
    },
    {
      "date": "2022-02-25T00:00:00",
      "event_type": "NBA Regular Season",
      "opponent": "San Antonio Spurs",
      "attendance": 11311,
      "transactions": 6546,
      "net_sales": 159121.24,
      "units": 14080,
      "day_of_week": "Friday",
      "trans_per_attendee": 0.579,
      "sales_per_attendee": 14.07
    },
    {
      "date": "2022-02-28T00:00:00",
      "event_type": "NHL Regular Season",
      "opponent": "Toronto Maple Leafs",
      "attendance": 14418,
      "transactions": 11544,
      "net_sales": 251465.65,
      "units": 21661,
      "day_of_week": "Monday",
      "trans_per_attendee": 0.801,
      "sales_per_attendee": 17.44
    },
    {
      "date": "2022-03-01T00:00:00",
      "event_type": "NBA Regular Season",
      "opponent": "Detroit Pistons",
      "attendance": 6018,
      "transactions": 3792,
      "net_sales": 84032.24,
      "units": 7527,
      "day_of_week": "Tuesday",
      "trans_per_attendee": 0.63,
      "sales_per_attendee": 13.96
    },
    {
      "date": "2022-03-03T00:00:00",
      "event_type": "NHL Regular Season",
      "opponent": "Carolina Hurricanes",
      "attendance": 14408,
      "transactions": 11576,
      "net_sales": 265101.5,
      "units": 22321,
      "day_of_week": "Thursday",
      "trans_per_attendee": 0.803,
      "sales_per_attendee": 18.4
    },
    {
      "date": "2022-03-04T00:00:00",
      "event_type": "NBA Regular Season",
      "opponent": "Atlanta Hawks",
      "attendance": 12409,
      "transactions": 7110,
      "net_sales": 172621.43,
      "units": 15384,
      "day_of_week": "Friday",
      "trans_per_attendee": 0.573,
      "sales_per_attendee": 13.91
    },
    {
      "date": "2022-03-05T00:00:00",
      "event_type": "NHL Regular Season",
      "opponent": "Seattle Kraken",
      "attendance": 17363,
      "transactions": 13919,
      "net_sales": 326285.8,
      "units": 28184,
      "day_of_week": "Saturday",
      "trans_per_attendee": 0.802,
      "sales_per_attendee": 18.79
    },
    {
      "date": "2022-03-06T00:00:00",
      "event_type": "NBA Regular Season",
      "opponent": "Indiana Pacers",
      "attendance": 9323,
      "transactions": 5433,
      "net_sales": 118660.2,
      "units": 11500,
      "day_of_week": "Sunday",
      "trans_per_attendee": 0.583,
      "sales_per_attendee": 12.73
    },
    {
      "date": "2022-03-15T00:00:00",
      "event_type": "NHL Regular Season",
      "opponent": "New York Islanders",
      "attendance": 15512,
      "transactions": 12269,
      "net_sales": 277425.95,
      "units": 23996,
      "day_of_week": "Tuesday",
      "trans_per_attendee": 0.791,
      "sales_per_attendee": 17.88
    },
    {
      "date": "2022-03-16T00:00:00",
      "event_type": "NBA Regular Season",
      "opponent": "Denver Nuggets",
      "attendance": 11854,
      "transactions": 6911,
      "net_sales": 158492.04,
      "units": 14363,
      "day_of_week": "Wednesday",
      "trans_per_attendee": 0.583,
      "sales_per_attendee": 13.37
    },
    {
      "date": "2022-03-19T00:00:00",
      "event_type": "NBA Regular Season",
      "opponent": "Los Angeles Lakers",
      "attendance": 18560,
      "transactions": 10455,
      "net_sales": 257101.37,
      "units": 23237,
      "day_of_week": "Saturday",
      "trans_per_attendee": 0.563,
      "sales_per_attendee": 13.85
    },
    {
      "date": "2022-03-20T00:00:00",
      "event_type": "NHL Regular Season",
      "opponent": "Dallas Stars",
      "attendance": 15431,
      "transactions": 12135,
      "net_sales": 266795.4,
      "units": 24540,
      "day_of_week": "Sunday",
      "trans_per_attendee": 0.786,
      "sales_per_attendee": 17.29
    },
    {
      "date": "2022-03-22T00:00:00",
      "event_type": "NHL Regular Season",
      "opponent": "St. Louis Blues",
      "attendance": 14768,
      "transactions": 11592,
      "net_sales": 251369.28,
      "units": 21976,
      "day_of_week": "Tuesday",
      "trans_per_attendee": 0.785,
      "sales_per_attendee": 17.02
    },
    {
      "date": "2022-03-26T00:00:00",
      "event_type": "NHL Regular Season",
      "opponent": "New Jersey Devils",
      "attendance": 16010,
      "transactions": 13688,
      "net_sales": 314625.63,
      "units": 27327,
      "day_of_week": "Saturday",
      "trans_per_attendee": 0.855,
      "sales_per_attendee": 19.65
    },
    {
      "date": "2022-03-27T00:00:00",
      "event_type": "NBA Regular Season",
      "opponent": "Golden State Warriors",
      "attendance": 17918,
      "transactions": 9721,
      "net_sales": 229117.66,
      "units": 22126,
      "day_of_week": "Sunday",
      "trans_per_attendee": 0.543,
      "sales_per_attendee": 12.79
    },
    {
      "date": "2022-03-28T00:00:00",
      "event_type": "NHL Regular Season",
      "opponent": "Carolina Hurricanes",
      "attendance": 13513,
      "transactions": 10596,
      "net_sales": 227025.48,
      "units": 19990,
      "day_of_week": "Monday",
      "trans_per_attendee": 0.784,
      "sales_per_attendee": 16.8
    },
    {
      "date": "2022-03-29T00:00:00",
      "event_type": "NBA Regular Season",
      "opponent": "Chicago Bulls",
      "attendance": 12981,
      "transactions": 7593,
      "net_sales": 173517.31,
      "units": 15667,
      "day_of_week": "Tuesday",
      "trans_per_attendee": 0.585,
      "sales_per_attendee": 13.37
    },
    {
      "date": "2022-03-30T00:00:00",
      "event_type": "NBA Regular Season",
      "opponent": "Orlando Magic",
      "attendance": 11729,
      "transactions": 6582,
      "net_sales": 152579.23,
      "units": 14798,
      "day_of_week": "Wednesday",
      "trans_per_attendee": 0.561,
      "sales_per_attendee": 13.01
    },
    {
      "date": "2022-04-01T00:00:00",
      "event_type": "NBA Regular Season",
      "opponent": "Dallas Mavericks",
      "attendance": 15331,
      "transactions": 9156,
      "net_sales": 216528.43,
      "units": 19454,
      "day_of_week": "Friday",
      "trans_per_attendee": 0.597,
      "sales_per_attendee": 14.12
    },
    {
      "date": "2022-04-03T00:00:00",
      "event_type": "NHL Regular Season",
      "opponent": "Minnesota Wild",
      "attendance": 14018,
      "transactions": 11200,
      "net_sales": 238335.56,
      "units": 21576,
      "day_of_week": "Sunday",
      "trans_per_attendee": 0.799,
      "sales_per_attendee": 17.0
    },
    {
      "date": "2022-04-06T00:00:00",
      "event_type": "NHL Regular Season",
      "opponent": "Tampa Bay Lightning",
      "attendance": 14535,
      "transactions": 12376,
      "net_sales": 265461.49,
      "units": 22958,
      "day_of_week": "Wednesday",
      "trans_per_attendee": 0.851,
      "sales_per_attendee": 18.26
    },
    {
      "date": "2022-04-08T00:00:00",
      "event_type": "NBA Regular Season",
      "opponent": "New York Knicks",
      "attendance": 15896,
      "transactions": 8311,
      "net_sales": 203586.77,
      "units": 18397,
      "day_of_week": "Friday",
      "trans_per_attendee": 0.523,
      "sales_per_attendee": 12.81
    },
    {
      "date": "2022-04-10T00:00:00",
      "event_type": "NHL Regular Season",
      "opponent": "Boston Bruins",
      "attendance": 16327,
      "transactions": 12638,
      "net_sales": 288122.9,
      "units": 25827,
      "day_of_week": "Sunday",
      "trans_per_attendee": 0.774,
      "sales_per_attendee": 17.65
    },
    {
      "date": "2022-04-12T00:00:00",
      "event_type": "NHL Regular Season",
      "opponent": "Philadelphia Flyers",
      "attendance": 14762,
      "transactions": 11571,
      "net_sales": 259029.22,
      "units": 22691,
      "day_of_week": "Tuesday",
      "trans_per_attendee": 0.784,
      "sales_per_attendee": 17.55
    },
    {
      "date": "2022-04-24T00:00:00",
      "event_type": "NHL Regular Season",
      "opponent": "Toronto Maple Leafs",
      "attendance": 15486,
      "transactions": 12138,
      "net_sales": 260330.05,
      "units": 23380,
      "day_of_week": "Sunday",
      "trans_per_attendee": 0.784,
      "sales_per_attendee": 16.81
    },
    {
      "date": "2022-04-26T00:00:00",
      "event_type": "NHL Regular Season",
      "opponent": "New York Islanders",
      "attendance": 14396,
      "transactions": 11594,
      "net_sales": 257024.85,
      "units": 22150,
      "day_of_week": "Tuesday",
      "trans_per_attendee": 0.805,
      "sales_per_attendee": 17.85
    },
    {
      "date": "2022-10-12T00:00:00",
      "event_type": "NHL Regular Season",
      "opponent": "Boston Bruins",
      "attendance": 17210,
      "transactions": 15774,
      "net_sales": 368607.56,
      "units": 30502,
      "day_of_week": "Wednesday",
      "trans_per_attendee": 0.917,
      "sales_per_attendee": 21.42
    },
    {
      "date": "2022-10-15T00:00:00",
      "event_type": "NHL Regular Season",
      "opponent": "Montreal Canadiens",
      "attendance": 14220,
      "transactions": 13011,
      "net_sales": 292976.84,
      "units": 25141,
      "day_of_week": "Saturday",
      "trans_per_attendee": 0.915,
      "sales_per_attendee": 20.6
    },
    {
      "date": "2022-10-17T00:00:00",
      "event_type": "NHL Regular Season",
      "opponent": "Los Angeles Kings",
      "attendance": 11511,
      "transactions": 9888,
      "net_sales": 211081.91,
      "units": 18384,
      "day_of_week": "Monday",
      "trans_per_attendee": 0.859,
      "sales_per_attendee": 18.34
    },
    {
      "date": "2022-10-21T00:00:00",
      "event_type": "NBA Regular Season",
      "opponent": "Chicago Bulls",
      "attendance": 17215,
      "transactions": 11047,
      "net_sales": 271216.97,
      "units": 23124,
      "day_of_week": "Friday",
      "trans_per_attendee": 0.642,
      "sales_per_attendee": 15.75
    },
    {
      "date": "2022-10-22T00:00:00",
      "event_type": "NHL Regular Season",
      "opponent": "Los Angeles Kings",
      "attendance": 15373,
      "transactions": 13365,
      "net_sales": 311617.93,
      "units": 26135,
      "day_of_week": "Saturday",
      "trans_per_attendee": 0.869,
      "sales_per_attendee": 20.27
    },
    {
      "date": "2022-10-25T00:00:00",
      "event_type": "NBA Regular Season",
      "opponent": "Detroit Pistons",
      "attendance": 8615,
      "transactions": 5608,
      "net_sales": 123340.39,
      "units": 10888,
      "day_of_week": "Tuesday",
      "trans_per_attendee": 0.651,
      "sales_per_attendee": 14.32
    },
    {
      "date": "2022-10-28T00:00:00",
      "event_type": "NBA Regular Season",
      "opponent": "Indiana Pacers",
      "attendance": 9238,
      "transactions": 6487,
      "net_sales": 143800.11,
      "units": 12558,
      "day_of_week": "Friday",
      "trans_per_attendee": 0.702,
      "sales_per_attendee": 15.57
    },
    {
      "date": "2022-10-31T00:00:00",
      "event_type": "NBA Regular Season",
      "opponent": "Philadelphia 76ers",
      "attendance": 9090,
      "transactions": 6441,
      "net_sales": 141882.14,
      "units": 12342,
      "day_of_week": "Monday",
      "trans_per_attendee": 0.709,
      "sales_per_attendee": 15.61
    },
    {
      "date": "2022-11-01T00:00:00",
      "event_type": "NHL Regular Season",
      "opponent": "Las Vegas Golden Knights",
      "attendance": 13555,
      "transactions": 11674,
      "net_sales": 261344.75,
      "units": 22055,
      "day_of_week": "Tuesday",
      "trans_per_attendee": 0.861,
      "sales_per_attendee": 19.28
    },
    {
      "date": "2022-11-04T00:00:00",
      "event_type": "NBA Regular Season",
      "opponent": "Brooklyn Nets",
      "attendance": 14667,
      "transactions": 9348,
      "net_sales": 221673.74,
      "units": 19073,
      "day_of_week": "Friday",
      "trans_per_attendee": 0.637,
      "sales_per_attendee": 15.11
    },
    {
      "date": "2022-11-05T00:00:00",
      "event_type": "NHL Regular Season",
      "opponent": "Arizona Coyotes",
      "attendance": 15852,
      "transactions": 13872,
      "net_sales": 322483.7,
      "units": 27057,
      "day_of_week": "Saturday",
      "trans_per_attendee": 0.875,
      "sales_per_attendee": 20.34
    },
    {
      "date": "2022-11-07T00:00:00",
      "event_type": "NHL Regular Season",
      "opponent": "Edmonton Oilers",
      "attendance": 12757,
      "transactions": 11105,
      "net_sales": 233349.54,
      "units": 19918,
      "day_of_week": "Monday",
      "trans_per_attendee": 0.871,
      "sales_per_attendee": 18.29
    },
    {
      "date": "2022-11-09T00:00:00",
      "event_type": "NHL Regular Season",
      "opponent": "Pittsburgh Penguins",
      "attendance": 15697,
      "transactions": 14190,
      "net_sales": 326174.31,
      "units": 26688,
      "day_of_week": "Wednesday",
      "trans_per_attendee": 0.904,
      "sales_per_attendee": 20.78
    },
    {
      "date": "2022-11-10T00:00:00",
      "event_type": "NBA Regular Season",
      "opponent": "Dallas Mavericks",
      "attendance": 14045,
      "transactions": 9830,
      "net_sales": 231757.09,
      "units": 19914,
      "day_of_week": "Thursday",
      "trans_per_attendee": 0.7,
      "sales_per_attendee": 16.5
    },
    {
      "date": "2022-11-11T00:00:00",
      "event_type": "NHL Regular Season",
      "opponent": "Tampa Bay Lightning",
      "attendance": 16695,
      "transactions": 15631,
      "net_sales": 370680.88,
      "units": 30234,
      "day_of_week": "Friday",
      "trans_per_attendee": 0.936,
      "sales_per_attendee": 22.2
    },
    {
      "date": "2022-11-12T00:00:00",
      "event_type": "NBA Regular Season",
      "opponent": "Utah Jazz",
      "attendance": 10407,
      "transactions": 6546,
      "net_sales": 147946.86,
      "units": 13429,
      "day_of_week": "Saturday",
      "trans_per_attendee": 0.629,
      "sales_per_attendee": 14.22
    },
    {
      "date": "2022-11-13T00:00:00",
      "event_type": "NBA Regular Season",
      "opponent": "Memphis Grizzlies",
      "attendance": 14614,
      "transactions": 8728,
      "net_sales": 202558.06,
      "units": 18750,
      "day_of_week": "Sunday",
      "trans_per_attendee": 0.597,
      "sales_per_attendee": 13.86
    },
    {
      "date": "2022-11-16T00:00:00",
      "event_type": "NBA Regular Season",
      "opponent": "Oklahoma City Thunder",
      "attendance": 8409,
      "transactions": 5262,
      "net_sales": 113720.64,
      "units": 10216,
      "day_of_week": "Wednesday",
      "trans_per_attendee": 0.626,
      "sales_per_attendee": 13.52
    },
    {
      "date": "2022-11-18T00:00:00",
      "event_type": "NBA Regular Season",
      "opponent": "Miami Heat",
      "attendance": 16586,
      "transactions": 10941,
      "net_sales": 264218.78,
      "units": 22137,
      "day_of_week": "Friday",
      "trans_per_attendee": 0.66,
      "sales_per_attendee": 15.93
    },
    {
      "date": "2022-11-19T00:00:00",
      "event_type": "NHL Regular Season",
      "opponent": "Colorado Avalanche",
      "attendance": 17161,
      "transactions": 15016,
      "net_sales": 351369.63,
      "units": 29446,
      "day_of_week": "Saturday",
      "trans_per_attendee": 0.875,
      "sales_per_attendee": 20.47
    },
    {
      "date": "2022-11-20T00:00:00",
      "event_type": "NBA Regular Season",
      "opponent": "Charlotte Bobcats",
      "attendance": 9707,
      "transactions": 5764,
      "net_sales": 130166.51,
      "units": 12334,
      "day_of_week": "Sunday",
      "trans_per_attendee": 0.594,
      "sales_per_attendee": 13.41
    },
    {
      "date": "2022-11-23T00:00:00",
      "event_type": "NHL Regular Season",
      "opponent": "Philadelphia Flyers",
      "attendance": 16579,
      "transactions": 14103,
      "net_sales": 330573.99,
      "units": 28179,
      "day_of_week": "Wednesday",
      "trans_per_attendee": 0.851,
      "sales_per_attendee": 19.94
    },
    {
      "date": "2022-11-25T00:00:00",
      "event_type": "NHL Regular Season",
      "opponent": "Calgary Flames",
      "attendance": 16099,
      "transactions": 12110,
      "net_sales": 289522.42,
      "units": 25414,
      "day_of_week": "Friday",
      "trans_per_attendee": 0.752,
      "sales_per_attendee": 17.98
    },
    {
      "date": "2022-11-28T00:00:00",
      "event_type": "NBA Regular Season",
      "opponent": "Minnesota Timberwolves",
      "attendance": 8124,
      "transactions": 5213,
      "net_sales": 111707.6,
      "units": 9945,
      "day_of_week": "Monday",
      "trans_per_attendee": 0.642,
      "sales_per_attendee": 13.75
    },
    {
      "date": "2022-12-04T00:00:00",
      "event_type": "NBA Regular Season",
      "opponent": "Los Angeles Lakers",
      "attendance": 15695,
      "transactions": 9233,
      "net_sales": 232889.38,
      "units": 20760,
      "day_of_week": "Sunday",
      "trans_per_attendee": 0.588,
      "sales_per_attendee": 14.84
    },
    {
      "date": "2022-12-09T00:00:00",
      "event_type": "NHL Regular Season",
      "opponent": "Seattle Kraken",
      "attendance": 16783,
      "transactions": 15040,
      "net_sales": 360268.97,
      "units": 29556,
      "day_of_week": "Friday",
      "trans_per_attendee": 0.896,
      "sales_per_attendee": 21.47
    },
    {
      "date": "2022-12-10T00:00:00",
      "event_type": "NBA Regular Season",
      "opponent": "Los Angeles Clippers",
      "attendance": 15887,
      "transactions": 9791,
      "net_sales": 232948.18,
      "units": 20374,
      "day_of_week": "Saturday",
      "trans_per_attendee": 0.616,
      "sales_per_attendee": 14.66
    },
    {
      "date": "2022-12-12T00:00:00",
      "event_type": "NBA Regular Season",
      "opponent": "Brooklyn Nets",
      "attendance": 12344,
      "transactions": 7285,
      "net_sales": 169153.87,
      "units": 14885,
      "day_of_week": "Monday",
      "trans_per_attendee": 0.59,
      "sales_per_attendee": 13.7
    },
    {
      "date": "2022-12-15T00:00:00",
      "event_type": "NHL Regular Season",
      "opponent": "Dallas Stars",
      "attendance": 15823,
      "transactions": 14447,
      "net_sales": 344931.7,
      "units": 28280,
      "day_of_week": "Thursday",
      "trans_per_attendee": 0.913,
      "sales_per_attendee": 21.8
    },
    {
      "date": "2022-12-17T00:00:00",
      "event_type": "NHL Regular Season",
      "opponent": "Toronto Maple Leafs",
      "attendance": 17214,
      "transactions": 14653,
      "net_sales": 349767.44,
      "units": 29278,
      "day_of_week": "Saturday",
      "trans_per_attendee": 0.851,
      "sales_per_attendee": 20.32
    },
    {
      "date": "2022-12-19T00:00:00",
      "event_type": "NHL Regular Season",
      "opponent": "Detroit Red Wings",
      "attendance": 17508,
      "transactions": 13857,
      "net_sales": 333323.38,
      "units": 27978,
      "day_of_week": "Monday",
      "trans_per_attendee": 0.791,
      "sales_per_attendee": 19.04
    },
    {
      "date": "2022-12-23T00:00:00",
      "event_type": "NHL Regular Season",
      "opponent": "Winnipeg Jets",
      "attendance": 17302,
      "transactions": 14105,
      "net_sales": 348548.23,
      "units": 29139,
      "day_of_week": "Friday",
      "trans_per_attendee": 0.815,
      "sales_per_attendee": 20.14
    },
    {
      "date": "2022-12-27T00:00:00",
      "event_type": "NBA Regular Season",
      "opponent": "Philadelphia 76ers",
      "attendance": 17711,
      "transactions": 10582,
      "net_sales": 266603.12,
      "units": 24733,
      "day_of_week": "Tuesday",
      "trans_per_attendee": 0.597,
      "sales_per_attendee": 15.05
    },
    {
      "date": "2022-12-28T00:00:00",
      "event_type": "NBA Regular Season",
      "opponent": "Phoenix Suns",
      "attendance": 17679,
      "transactions": 9571,
      "net_sales": 239868.71,
      "units": 22041,
      "day_of_week": "Wednesday",
      "trans_per_attendee": 0.541,
      "sales_per_attendee": 13.57
    },
    {
      "date": "2022-12-29T00:00:00",
      "event_type": "NHL Regular Season",
      "opponent": "Ottawa Senators",
      "attendance": 17501,
      "transactions": 13853,
      "net_sales": 337364.55,
      "units": 28668,
      "day_of_week": "Thursday",
      "trans_per_attendee": 0.792,
      "sales_per_attendee": 19.28
    },
    {
      "date": "2022-12-31T00:00:00",
      "event_type": "NHL Regular Season",
      "opponent": "Montreal Canadiens",
      "attendance": 16917,
      "transactions": 14333,
      "net_sales": 316255.0,
      "units": 28507,
      "day_of_week": "Saturday",
      "trans_per_attendee": 0.847,
      "sales_per_attendee": 18.69
    },
    {
      "date": "2023-01-03T00:00:00",
      "event_type": "NHL Regular Season",
      "opponent": "Buffalo Sabres",
      "attendance": 15465,
      "transactions": 12477,
      "net_sales": 279412.88,
      "units": 23997,
      "day_of_week": "Tuesday",
      "trans_per_attendee": 0.807,
      "sales_per_attendee": 18.07
    },
    {
      "date": "2023-01-06T00:00:00",
      "event_type": "NHL Regular Season",
      "opponent": "Nashville Predators",
      "attendance": 17364,
      "transactions": 14921,
      "net_sales": 356723.38,
      "units": 29762,
      "day_of_week": "Friday",
      "trans_per_attendee": 0.859,
      "sales_per_attendee": 20.54
    },
    {
      "date": "2023-01-08T00:00:00",
      "event_type": "NHL Regular Season",
      "opponent": "Columbus Blue Jackets",
      "attendance": 16508,
      "transactions": 13691,
      "net_sales": 314668.89,
      "units": 28253,
      "day_of_week": "Sunday",
      "trans_per_attendee": 0.829,
      "sales_per_attendee": 19.06
    },
    {
      "date": "2023-01-09T00:00:00",
      "event_type": "NBA Regular Season",
      "opponent": "New Orleans Pelicans",
      "attendance": 11178,
      "transactions": 6938,
      "net_sales": 154452.19,
      "units": 14171,
      "day_of_week": "Monday",
      "trans_per_attendee": 0.621,
      "sales_per_attendee": 13.82
    },
    {
      "date": "2023-01-11T00:00:00",
      "event_type": "NBA Regular Season",
      "opponent": "Chicago Bulls",
      "attendance": 13076,
      "transactions": 8310,
      "net_sales": 187764.0,
      "units": 16782,
      "day_of_week": "Wednesday",
      "trans_per_attendee": 0.636,
      "sales_per_attendee": 14.36
    },
    {
      "date": "2023-01-13T00:00:00",
      "event_type": "NBA Regular Season",
      "opponent": "New York Knicks",
      "attendance": 17603,
      "transactions": 11571,
      "net_sales": 283125.74,
      "units": 24461,
      "day_of_week": "Friday",
      "trans_per_attendee": 0.657,
      "sales_per_attendee": 16.08
    },
    {
      "date": "2023-01-14T00:00:00",
      "event_type": "NHL Regular Season",
      "opponent": "Philadelphia Flyers",
      "attendance": 17826,
      "transactions": 15279,
      "net_sales": 368281.49,
      "units": 31072,
      "day_of_week": "Saturday",
      "trans_per_attendee": 0.857,
      "sales_per_attendee": 20.66
    },
    {
      "date": "2023-01-16T00:00:00",
      "event_type": "NBA Regular Season",
      "opponent": "Golden State Warriors",
      "attendance": 18255,
      "transactions": 10647,
      "net_sales": 256849.87,
      "units": 24943,
      "day_of_week": "Monday",
      "trans_per_attendee": 0.583,
      "sales_per_attendee": 14.07
    },
    {
      "date": "2023-01-17T00:00:00",
      "event_type": "NHL Regular Season",
      "opponent": "Minnesota Wild",
      "attendance": 15498,
      "transactions": 12825,
      "net_sales": 283768.08,
      "units": 24136,
      "day_of_week": "Tuesday",
      "trans_per_attendee": 0.828,
      "sales_per_attendee": 18.31
    },
    {
      "date": "2023-01-21T00:00:00",
      "event_type": "NBA Regular Season",
      "opponent": "Orlando Magic",
      "attendance": 15582,
      "transactions": 9235,
      "net_sales": 216619.92,
      "units": 19842,
      "day_of_week": "Saturday",
      "trans_per_attendee": 0.593,
      "sales_per_attendee": 13.9
    },
    {
      "date": "2023-01-26T00:00:00",
      "event_type": "NHL Regular Season",
      "opponent": "Pittsburgh Penguins",
      "attendance": 17992,
      "transactions": 15741,
      "net_sales": 382420.51,
      "units": 31553,
      "day_of_week": "Thursday",
      "trans_per_attendee": 0.875,
      "sales_per_attendee": 21.26
    }
  ]
}